<record><leader>00000cas a2200000 a 4500</leader><controlfield tag="001">8817589</controlfield><controlfield tag="008">820929d18571872ksuwr ne      0   a0eng  </controlfield><controlfield tag="009">466</controlfield><datafield ind1=" " ind2=" " tag="010"><subfield code="a">sn 82015486 </subfield></datafield><datafield ind1=" " ind2=" " tag="040"><subfield code="a">DLC</subfield><subfield code="b">eng</subfield><subfield code="c">DLC</subfield><subfield code="d">NPT</subfield><subfield code="d">NPV</subfield><subfield code="d">NPX</subfield><subfield code="d">DLC</subfield><subfield code="d">YOX</subfield><subfield code="d">CNK</subfield><subfield code="d">OCL</subfield><subfield code="d">KRTAS</subfield><subfield code="d">DLC</subfield><subfield code="d">CUI</subfield><subfield code="d">OCLCF</subfield></datafield><datafield ind1=" " ind2=" " tag="012"><subfield code="l">a</subfield></datafield><datafield ind1="1" ind2=" " tag="022"><subfield code="a">2158-2599</subfield><subfield code="2">1</subfield></datafield><datafield ind1="1" ind2=" " tag="029"><subfield code="a">AU@</subfield><subfield code="b">000025831630</subfield></datafield><datafield ind1=" " ind2=" " tag="042"><subfield code="a">pcc</subfield><subfield code="a">nsdp</subfield></datafield><datafield ind1=" " ind2=" " tag="043"><subfield code="a">n-us-ks</subfield></datafield><datafield ind1="0" ind2="0" tag="050"><subfield code="a">Newspaper 7883</subfield></datafield><datafield ind1=" " ind2="4" tag="050"><subfield code="a">AN</subfield></datafield><datafield ind1=" " ind2="0" tag="222"><subfield code="a">White Cloud Kansas chief</subfield></datafield><datafield ind1="0" ind2="0" tag="245"><subfield code="a">White Cloud Kansas chief.</subfield></datafield><datafield ind1="1" ind2=" " tag="246"><subfield code="a">Kansas chief</subfield></datafield><datafield ind1=" " ind2=" " tag="260"><subfield code="a">White Cloud, Kan. :</subfield><subfield code="b">Sol. Miller,</subfield><subfield code="c">1857-1872.</subfield></datafield><datafield ind1=" " ind2=" " tag="300"><subfield code="a">15 v. ;</subfield><subfield code="c">58 cm.</subfield></datafield><datafield ind1=" " ind2=" " tag="310"><subfield code="a">Weekly</subfield></datafield><datafield ind1="0" ind2=" " tag="362"><subfield code="a">Vol. 1, no. 1 (June 4, 1857)-v. 1, no. 52 (June 3, 1858) ; v. 2, no. 1 (June 10, 1858)-v. 16, no. 2 (July 4, 1872) = Whole no. 53-whole no. 782.</subfield></datafield><datafield ind1=" " ind2=" " tag="500"><subfield code="a">"Republican."</subfield></datafield><datafield ind1=" " ind2=" " tag="500"><subfield code="a">Editor: Sol. Miller, &lt;1861&gt;.</subfield></datafield><datafield ind1=" " ind2=" " tag="515"><subfield code="a">No issue published May 20, 1858.</subfield></datafield><datafield ind1=" " ind2=" " tag="530"><subfield code="a">Archived issues are available in digital format as part of the Library of Congress Chronicling America online collection.</subfield></datafield><datafield ind1=" " ind2="0" tag="651"><subfield code="a">White Cloud (Kan.)</subfield><subfield code="v">Newspapers.</subfield></datafield><datafield ind1=" " ind2="0" tag="651"><subfield code="a">Doniphan County (Kan.)</subfield><subfield code="v">Newspapers.</subfield></datafield><datafield ind1=" " ind2="7" tag="655"><subfield code="a">Newspapers.</subfield><subfield code="2">fast</subfield><subfield code="0">(OCoLC)fst01423814</subfield></datafield><datafield ind1=" " ind2="7" tag="651"><subfield code="a">Kansas</subfield><subfield code="z">Doniphan County.</subfield><subfield code="2">fast</subfield><subfield code="0">(OCoLC)fst01218100</subfield></datafield><datafield ind1=" " ind2="7" tag="651"><subfield code="a">Kansas</subfield><subfield code="z">White Cloud.</subfield><subfield code="2">fast</subfield><subfield code="0">(OCoLC)fst01261713</subfield></datafield><datafield ind1=" " ind2=" " tag="752"><subfield code="a">United States</subfield><subfield code="b">Kansas</subfield><subfield code="c">Doniphan</subfield><subfield code="d">White Cloud.</subfield></datafield><datafield ind1="0" ind2="8" tag="776"><subfield code="i">Online version:</subfield><subfield code="t">White Cloud Kansas chief</subfield><subfield code="w">(OCoLC)192107580</subfield></datafield><datafield ind1="0" ind2="0" tag="780"><subfield code="t">American Republican (Germantown, Ohio)</subfield><subfield code="w">(DLC)sn 86063807</subfield><subfield code="w">(OCoLC)13510577</subfield></datafield><datafield ind1="0" ind2="0" tag="785"><subfield code="t">Weekly Kansas chief</subfield><subfield code="x">2158-2580</subfield><subfield code="w">(DLC)sn 82015484</subfield><subfield code="w">(OCoLC)8817733</subfield></datafield><datafield ind1="4" ind2="1" tag="856"><subfield code="u">http://www.loc.gov/chroniclingamerica/lccn/sn82015486/issues</subfield></datafield><datafield ind1=" " ind2=" " tag="938"><subfield code="a">Kirtas Technologies, Inc.</subfield><subfield code="b">KRTS</subfield><subfield code="n">736102</subfield></datafield></record>